@inproceedings{estival2007author,
  title={Author profiling for English emails},
  author={Estival, Dominique and Gaustad, Tanja and Pham, Son-Bao and Radford, Will and Hutchinson, Ben},
  booktitle={Proceedings of the 10th Conference of the Pacific Association for Computational Linguistics},
  pages={263--272},
  year={2007}
}

@article{koppel2005automatically,
  title={Automatically determining an anonymous author's native language},
  author={Koppel, Moshe and Schler, Jonathan and Zigdon, Kfir},
  journal={Intelligence and Security Informatics},
  pages={41--76},
  year={2005},
  publisher={Springer}
}

@inproceedings{tsur2007using,
  title={Using classifier features for studying the effect of native language on the choice of written second language words},
  author={Tsur, Oren and Rappoport, Ari},
  booktitle={Proceedings of the Workshop on Cognitive Aspects of Computational Language Acquisition},
  pages={9--16},
  year={2007},
  organization={Association for Computational Linguistics}
}

@inproceedings{wong2009contrastive,
  title={Contrastive analysis and native language identification},
  author={Wong, Sze-Meng Jojo and Dras, Mark},
  booktitle={Australasian Language Technology Association Workshop 2009},
  pages={53},
  year={2009}
}

@InProceedings{wongdras2011EMNLP,
  author    = {Wong, Sze-Meng Jojo  and  Dras, Mark},
  title     = {Exploiting Parse Structures for Native Language Identification},
  booktitle = {Proceedings of the 2011 Conference on Empirical Methods in Natural Language Processing},
  month     = {July},
  year      = {2011},
  address   = {Edinburgh, Scotland, UK.},
  publisher = {Association for Computational Linguistics},
  pages     = {1600--1610},
  url       = {http://www.aclweb.org/anthology/D11-1148}
}

@book{alpaydin2004introduction,
  title={Introduction to machine learning},
  author={Alpaydin, Ethem},
  year={2004},
  publisher={The MIT Press}
}

@article{zheng2003authorship,
  title={Authorship analysis in cybercrime investigation},
  author={Zheng, Rong and Qin, Yi and Huang, Zan and Chen, Hsinchun},
  journal={Intelligence and Security Informatics},
  pages={959--959},
  year={2003},
  publisher={Springer}
}

@inproceedings{wong2010parser,
  title={Parser features for sentence grammaticality classification},
  author={Wong, Sze-Mong Jojo and Dras, Mark},
  booktitle={Proc. Australasian Language Technology Association Workshop},
  year={2010}
}

@article{wagner2009judging,
  title={Judging grammaticality: Experiments in sentence classification},
  author={Wagner, Joachim and Foster, Jennifer and van Genabith, Josef},
  journal={CALICO Journal},
  volume={26},
  number={3},
  pages={474--490},
  year={2009},
  publisher={The Computer Assisted Language Instruction Consortium}
}

@article{argamon2009automatically,
  title={Automatically profiling the author of an anonymous text},
  author={Argamon, Shlomo and Koppel, Moshe and Pennebaker, James W. and Schler, Jonathan},
  journal={Communications of the ACM},
  volume={52},
  number={2},
  pages={119--123},
  year={2009},
  publisher={ACM}
}

@article{denginvestigating,
  title={Investigating the features that affect cue usage of non-native speakers of English},
  author={Deng, Xinyu and Nakamura, Jun-Ichi}
}


@inproceedings{gamon2004linguistic,
  title={Linguistic correlates of style: authorship classification with deep linguistic analysis features},
  author={Gamon, Michael},
  booktitle={Proceedings of the 20th international conference on Computational Linguistics},
  pages={611},
  year={2004},
  organization={Association for Computational Linguistics}
}

@inproceedings{koppel2005determining,
  title={Determining an author's native language by mining a text for errors},
  author={Koppel, Moshe and Schler, Jonathan and Zigdon, Kfir},
  booktitle={Proceedings of the eleventh ACM SIGKDD international conference on Knowledge discovery in data mining},
  pages={624--628},
  year={2005},
  organization={ACM}
}

@article{nltk,
  author    = {Edward Loper and
               Steven Bird},
  title     = {NLTK: The Natural Language Toolkit},
  journal   = {CoRR},
  volume    = {cs.CL/0205028},
  year      = {2002},
  ee        = {http://arxiv.org/abs/cs.CL/0205028},
  bibsource = {DBLP, http://dblp.uni-trier.de}
}

@article{sklearn,
 title={{Scikit-learn: Machine Learning in Python }},
 author={scikit learn developers},
 journal={Journal of Machine Learning Research},
 volume={12},
 pages={2825--2830},
 year={2011}
}

@inproceedings{european,
  title ={Classification of the European language families by genetic distance},
  author={Rosalind M. Harding, Robert R. Sokal},
  organization={National Academy of Sciences of the United States of America},
  year={1988},
  pages={9370--9372}
}

@article{families,
 title={Finding Families: Quantitative methods in language classfication},
 author={ April McMahon, Robert McMahon},
 journal={Transactions of the Philological Society},
 volume={101},
 pages={7--55},
 year={2003}
}

@INPROCEEDINGS{Milne08aneffective,
    author = {David Milne and Ian H. Witten},
    title = {An Effective, Low-Cost Measure of Semantic Relatedness Obtained
from Wikipedia Links},
    booktitle = {In Proceedings of AAAI 2008},
    year = {2008}
}

@inproceedings{Harpalani,
  added-at = {2011-06-21T00:00:00.000+0200},
  author = {Harpalani, Manoj and Hart, Michael and Signh, Sandesh and Johnson, Rob and Choi, Yejin},
  biburl = {http://www.bibsonomy.org/bibtex/24d2f0c407032f0f5ccaa18d831c01c40/dblp},
  booktitle = {ACL (Short Papers)},
  ee = {http://www.aclweb.org/anthology/P11-2015},
  interhash = {d46da06fb38bbb65bd7ec303dbddf6c2},
  intrahash = {4d2f0c407032f0f5ccaa18d831c01c40},
  isbn = {978-1-932432-88-6},
  keywords = {dblp},
  pages = {83-88},
  publisher = {The Association for Computer Linguistics},
  timestamp = {2011-06-21T00:00:00.000+0200},
  title = {Language of Vandalism: Improving Wikipedia Vandalism Detection via Stylometric Analysis.},
  url = {http://dblp.uni-trier.de/db/conf/acl/acl2011s.html#HarpalaniHSJC11},
  year = 2011
}

@inproceedings{Ott,
 author = {Ott, Myle and Choi, Yejin and Cardie, Claire and Hancock, Jeffrey T.},
 title = {Finding deceptive opinion spam by any stretch of the imagination},
 booktitle = {Proceedings of the 49th Annual Meeting of the Association for Computational Linguistics: Human Language Technologies - Volume 1},
 series = {HLT '11},
 year = {2011},
 isbn = {978-1-932432-87-9},
 location = {Portland, Oregon},
 pages = {309--319},
 numpages = {11},
 url = {http://dl.acm.org/citation.cfm?id=2002472.2002512},
 acmid = {2002512},
 publisher = {Association for Computational Linguistics},
 address = {Stroudsburg, PA, USA},
} 
